%% This BibTeX bibliography file was created using BibDesk.
%% http://bibdesk.sourceforge.net/


%% Created for Thomas Mellergaard Amby at 2013-03-22 16:04:42 +0100 


%% Saved with string encoding Unicode (UTF-8) 



@book{Alstrup:1997,
	Author = {Niels {Alstrup} and Inger {Christensen} and Jesper {Darum} and Anders {Hasselager} and Elsebeth Holm {Iversen} and Marianne {Petersen} and Ina {Rasmussen} and John {Vistisen}},
	Date-Added = {2013-03-22 15:00:30 +0000},
	Date-Modified = {2013-03-22 15:04:17 +0000},
	Publisher = {Det Danske Spejderkorps},
	Title = {I bev{\ae}gelse - en bog om spejderledelse},
	Year = {1997}}

@book{beck:2011,
	Author = {Steen {Beck} and Jens Ditlev {Hansen} and Anette {Lind} and Mette {Lyng}},
	Date-Added = {2013-03-18 18:27:42 +0000},
	Date-Modified = {2013-03-18 18:29:02 +0000},
	Keywords = {SOLO taksonomi},
	Publisher = {Gyldendal},
	Title = {Studiebogen til HHX},
	Year = {2011}}

@book{DDS:2006,
	Author = {Niels {Alstrup} and Bo {Andersen} and Dorte {Ankerfelt} and Lily {Bahnsen} and Morten {Birk} and Lise Fog {Christensen} and Susanne Lindemann {Danielsen} and Alice {Klander} and Birgit {Kirstrand} and Marianne {Grauert} and Ditte Maj {Gregersen} and Lone Jung {Hertel} and Mona {Jellesmark} and Signe Vithner {Jensen} and Tore {J{\o}rgensen} and Marianne {Karstensen} and Line Ohm {Laursen} and Morten {Lykkeberg} and Thomas {Metelmann} and Emil {Nielsen} and Espen Kelzer {Nielsen} and Susanne Egtoft {Nielsen} and Sven Krarup {Nielsen} and Thomas Nyerup {Nielsen} and Andreas H{\o}rup {Nilsson} and Thomas {Olsen} and Per {Pedersen} and Vibeke {Riemer} and Niels {Rosenbom} and Anne {Sandbeck} and Gert {Simonsen} and Helle Dydensborg {Thygesen} and Jens {Thyesen} and Anja H{\o}jlund {Tullberg} amd Maiken {Vestergaard} and Maiken {Wildt} and Kasper {Aaboe}},
	Date-Added = {2013-03-04 09:36:45 +0000},
	Date-Modified = {2013-03-04 09:46:54 +0000},
	Keywords = {Ledelse},
	Publisher = {Det Danske Spejderkorps},
	Title = {Lederh{\aa}ndbogen},
	Year = {2006}}

@book{Benoni:2011,
	Author = {Torben {Benoni} and Finn {Elvekj{\ae}r}},
	Date-Added = {2013-03-03 20:51:35 +0000},
	Date-Modified = {2013-03-03 20:53:34 +0000},
	Publisher = {Systime A/S},
	Title = {FysikABbogen 1},
	Year = {2011}}

@manual{FysB,
	Author = {{Ministeriet for B{\o}rn og Undervisning}},
	Date-Added = {2013-03-03 20:09:26 +0000},
	Date-Modified = {2013-03-03 20:11:57 +0000},
	Month = {Marts},
	Title = {L{\ae}replan Fysik B},
	Url = {https://www.retsinformation.dk/Forms/R0710.aspx?id=132647#B24},
	Year = {2013},
	Bdsk-Url-1 = {https://www.retsinformation.dk/Forms/R0710.aspx?id=132647#B24}}

@book{Ringstad:2002,
	Author = {Hallvard E. Ringstad},
	Date-Added = {2013-02-27 22:02:55 +0000},
	Date-Modified = {2013-02-27 22:05:08 +0000},
	Keywords = {MBTI and JTI},
	Publisher = {Optimas organisasjonspsykologene as},
	Title = {Understanding Jungian Type - A practical guide},
	Year = {2002}}

@article{Krogh:2010,
	Author = {Ellen Krogh},
	Date-Added = {2013-02-19 12:06:58 +0000},
	Date-Modified = {2013-02-19 12:07:48 +0000},
	Journal = {Gymnasiep{\ae}dagogik},
	Number = {77},
	Pages = {34 ff},
	Title = {Videnskabsretorik og skrivedidaktik},
	Year = {2010}}

@inbook{Warson:2000,
	Address = {Buckingham, Philadelphia},
	Author = {Rod {Watson}},
	Chapter = {4},
	Date-Added = {2013-02-19 10:05:24 +0000},
	Date-Modified = {2013-02-19 10:07:21 +0000},
	Pages = {57 - 71},
	Publisher = {Open University Press},
	Title = {Good practice in science teaching - What research has to say},
	Year = {2000}}

@inbook{Flick:2006,
	Author = {Roger E. {Bybee}},
	Chapter = {1},
	Date-Added = {2013-02-19 10:03:06 +0000},
	Date-Modified = {2013-02-19 10:05:19 +0000},
	Pages = {1 - 14},
	Publisher = {Springer},
	Title = {Scientific Inquery and Nature of Science},
	Year = {2006}}

@electronic{Fasting:2006,
	Author = {Rolf B. {Fasting} and Ragnar {Thygesen}},
	Date-Added = {2013-02-19 09:40:44 +0000},
	Date-Modified = {2013-02-19 09:42:46 +0000},
	Title = {Skrivehjulet: En modell for elevers skrivekompetanse},
	Urldate = {http://lesesenteret.uis.no/leseopplaering/skjulte_dokumenter/article2114-975.html}}

@article{Krathwool:2002,
	Author = {David R. {Krathwool}},
	Date-Added = {2013-02-19 09:39:04 +0000},
	Date-Modified = {2013-02-19 09:40:22 +0000},
	Journal = {Theory into practice},
	Number = {4},
	Pages = {212 - 218},
	Title = {A Revision of Bloom's Taxonomy: An Overview},
	Volume = {41},
	Year = {2002}}

@article{Christensen:2006,
	Author = {Bente Lukman {Christensen} and Birthe {Dalsgaard} and Henriette {Knudsen} and Aase {Munk}},
	Date-Added = {2013-02-19 09:36:12 +0000},
	Date-Modified = {2013-02-19 09:38:25 +0000},
	Journal = {Gymnasiep{\ae}dagogik},
	Number = {57},
	Title = {Progressionsforestillinger},
	Year = {2006}}

@electronic{STXbek,
	Author = {UVM.dk},
	Date-Added = {2013-02-19 09:20:02 +0000},
	Date-Modified = {2013-02-19 09:26:29 +0000},
	Keywords = {Bekendtg{\o}relsen for STX.},
	Lastchecked = {19},
	Month = {Februar},
	Title = {Bekendtg{\o}relsen for STX},
	Url = {https://www.retsinformation.dk/forms/r0710.aspx?id=132647#K1},
	Urldate = {https://www.retsinformation.dk/forms/r0710.aspx?id=132647#K1},
	Year = {2013},
	Bdsk-Url-1 = {https://www.retsinformation.dk/forms/r0710.aspx?id=132647#K1}}

@book{Kolb:1984,
	Author = {David Kolb},
	Date-Added = {2013-02-09 16:36:59 +0000},
	Date-Modified = {2013-02-09 16:38:44 +0000},
	Editor = {Englewood Cliffs,N.J.},
	Publisher = {Prentice Hall},
	Title = {Experiential Learning: Experience as the Source of Learning and Development},
	Year = {1984}}

@book{Dewey:1978,
	Author = {John Dewey},
	Date-Added = {2013-02-09 16:35:15 +0000},
	Date-Modified = {2013-02-09 16:36:18 +0000},
	Publisher = {Chr. Ejlers' Forlag},
	Title = {Erfaring og opdragelse},
	Year = {1978/1938}}

@book{Bjrndal:2003,
	Address = {Oslo},
	Author = {Cato R. P. {Bj{\o}rndal}},
	Date-Added = {2013-02-09 07:53:13 +0000},
	Date-Modified = {2013-02-09 07:54:41 +0000},
	Publisher = {Gyldendal Akademisk},
	Title = {Det vurderende {\o}je},
	Year = {2003}}

@inbook{Meyer:2008,
	Author = {Hilbert Meyer},
	Chapter = {1},
	Date-Added = {2013-02-07 12:29:34 +0000},
	Date-Modified = {2013-02-07 12:35:50 +0000},
	Publisher = {Gyldendal},
	Title = {Hvad er god undervisning?},
	Year = {2008}}

@inbook{leder:2010,
	Author = {Helle {Plauborg} and Jytte Vinther {Andersen} and Gitte Holten {Ingerslev} and Per Fib{\ae}k {Laursen}},
	Chapter = {4 Forebyggende strategier og fokus p{\aa} elevernes l{\ae}ring og motivation},
	Date-Added = {2013-02-07 12:27:01 +0000},
	Date-Modified = {2013-02-07 12:29:31 +0000},
	Publisher = {Hans Reizels Forlag},
	Title = {L{\ae}reren som leder},
	Year = {2010}}

@inbook{Illeris,
	Author = {Knud Illeris},
	Chapter = {5 David Kolbs teori om l{\ae}ringsstile},
	Date-Added = {2013-02-07 12:19:51 +0000},
	Date-Modified = {2013-02-07 12:23:25 +0000},
	Publisher = {Billes{\o} \& Baltzer},
	Title = {L{\ae}ringens og t{\ae}nkningens stil},
	Year = {2006}}

@book{Beck:2005,
	Author = {Steen {Beck} and Hanne Richardt {Beck}},
	Date-Added = {2013-02-07 12:17:59 +0000},
	Date-Modified = {2013-02-07 12:19:16 +0000},
	Publisher = {Gyldendal},
	Title = {Gyldendals Studiebog},
	Year = {2005}}

@article{Beck:2010,
	Author = {Steen Beck},
	Date-Added = {2013-02-07 12:16:22 +0000},
	Date-Modified = {2013-02-07 12:26:59 +0000},
	Title = {L{\ae}ring og psykodynamik - en lille introduktion},
	Year = {2010}}

@book{Herse2,
	Address = {New Jersey},
	Author = {P. {Hersey} and K.H. {Blanchard}},
	Date-Added = {2013-02-06 12:36:26 +0000},
	Date-Modified = {2013-02-06 12:38:33 +0000},
	Edition = {3},
	Publisher = {Prentice Hall},
	Series = {Utilizing Human Resources},
	Title = {Management of Organizational Behavior},
	Year = {1977}}

@article{Hersey1,
	Author = {P. {Hersey} and K.H. {Blanchard}},
	Date-Added = {2013-02-06 12:17:31 +0000},
	Date-Modified = {2013-02-06 12:36:13 +0000},
	Journal = {Training and Development Journal},
	Number = {5},
	Pages = {26 - 34},
	Title = {Life cycle theory of leadership},
	Volume = {23},
	Year = {1969}}

@book{MBTI,
	Address = {Mountain View CA},
	Author = {Isabel Briggs {Myers} and Peter B. {Myers}},
	Date-Added = {2013-02-06 12:10:21 +0000},
	Date-Modified = {2013-02-06 12:14:22 +0000},
	Publisher = {Davies-Black Publishing},
	Title = {Gifts Differing: Understanding Personality Type.},
	Year = {1980, 1995}}

@book{JTI,
	Author = {Carl Gustav Jung},
	Date-Added = {2013-02-06 12:07:06 +0000},
	Date-Modified = {2013-02-06 12:08:47 +0000},
	Month = {august},
	Publisher = {Princeton University Press},
	Title = {"Psychological Types" Collected Works of Carl Gustav Jung},
	Volume = {6},
	Year = {1971}}

@article{Michelsen:2011M,
	Author = {Claus Michelsen},
	Date-Added = {2013-02-05 08:42:37 +0000},
	Date-Modified = {2013-02-05 08:50:30 +0000},
	Journal = {MONA},
	Month = {september},
	Pages = {72 - 77},
	Title = {IBSME - inquiry-based science and mathematics education},
	Volume = {3},
	Year = {2011}}

@article{Johannsen:2009M,
	Author = {Bj{\o}rn Friis {Johannsen} and L{\ae}rke Bang {Jacobsen}},
	Date-Added = {2013-02-05 08:39:14 +0000},
	Date-Modified = {2013-02-19 09:23:15 +0000},
	Journal = {MONA},
	Month = {Juni},
	Pages = {56 - 72},
	Title = {Fysikdidaktik p{\aa} amerikansk. En beretning om forskningens rolle og rationaler},
	Volume = {2},
	Year = {2009}}

@article{Dolin:2007M,
	Author = {Jens Dolin},
	Date-Added = {2013-02-05 08:37:25 +0000},
	Date-Modified = {2013-02-05 08:50:37 +0000},
	Journal = {MONA},
	Month = {Juni},
	Pages = {20 - 28},
	Title = {Naturvidenskab efter gymnasiereformen - intentioner og resultater},
	Volume = {2},
	Year = {2007}}

@article{Harlen:2011:M,
	Annote = {Med introduktion af Jens Dolin},
	Author = {Wynne Harlen},
	Date-Added = {2013-02-05 08:35:08 +0000},
	Date-Modified = {2013-02-05 08:50:43 +0000},
	Journal = {MONA},
	Month = {september},
	Pages = {46 - 70},
	Title = {Udvikling og evaluering af unders{\o}gelsesbaseret undervisning},
	Volume = {3},
	Year = {2011}}

@article{Jacobsen:2008M,
	Author = {L{\ae}rke Bang Jacobsen},
	Date-Added = {2013-02-05 08:31:52 +0000},
	Date-Modified = {2013-02-05 08:49:38 +0000},
	Journal = {MONA},
	Month = {december},
	Pages = {22 - 41},
	Title = {Form{\aa}l med eksperimentelt arbejde i fysikundervisningen},
	Volume = {4},
	Year = {2008}}

@book{Gympd,
	Author = {Harry Haue and Erik Damberg and J{\o}rgen Gleerup and Jens Dolin and Peter Kaspersen and Lisbet Lieberkind and Anne-Grethe Madsen and Elsebeth Lauridsen and Elsebeth Sanden and Gitte Holten Ingerslev and Ellen Krogh and Claus Michelsen and Torben Spanget Christensen and Anne Jensen and Peter Henrik Raae and Peter Hobel and Kirsten Jakobsen and Anette Kj{\ae}rgaard and Niels Knap and Tanja Miller and Charlotte Christensen and Ellen Wiuff and Steen Beck and Agnes Witzke and Anne Birgitte Klange},
	Date-Added = {2013-01-09 09:44:52 +0000},
	Date-Modified = {2013-02-05 08:45:46 +0000},
	Edition = {1},
	Editor = {Erik Damberg and Jens Dolin and Gitte Holten Ingerslev},
	Publisher = {Hans Reitzels Forlag},
	Title = {Gymnasiep{\ae}dagogik - En grundbog},
	Volume = {4},
	Year = {2012}}
